@article{KRATSCH1997167,
title = {Total domination and transformation},
journal = {Information Processing Letters},
volume = {63},
number = {3},
pages = {167-170},
year = {1997},
issn = {0020-0190},
doi = {https://doi.org/10.1016/S0020-0190(97)00115-4},
url = {https://www.sciencedirect.com/science/article/pii/S0020019097001154},
author = {Dieter Kratsch and Lorna Stewart},
keywords = {Design of algorithms, Efficient algorithms, Domination},
abstract = {Using a linear time many-one reduction from the problem total dominating set to the problem dominating set we show how to obtain efficient algorithms to compute a minimum cardinality total dominating set on a variety of graph classes, among them permutation graphs, dually chordal graphs and k-polygon graphs.}
}