
@book{diestel_graph_2010,
	address = {Heidelberg ; New York},
	edition = {5th ed},
	series = {Graduate texts in mathematics},
	title = {Graph theory},
	isbn = {9783642142789 9783642142796},
	language = {eng},
	number = {173},
	publisher = {Springer},
	author = {Diestel, Reinhard},
	year = {2010},
	note = {OCLC: ocn658045165},
	keywords = {Graph theory},
}

@book{downey_parameterized_1999,
	address = {New York, NY},
	series = {Monographs in {Computer} {Science}},
	title = {Parameterized {Complexity}},
	isbn = {9781461267980 9781461205159},
	url = {http://link.springer.com/10.1007/978-1-4612-0515-9},
	urldate = {2022-11-16},
	publisher = {Springer New York},
	author = {Downey, R. G. and Fellows, M. R.},
	editor = {Gries, David and Schneider, Fred B.},
	year = {1999},
	doi = {10.1007/978-1-4612-0515-9},
}

@book{downey_parameterized_1999-1,
	address = {New York, NY},
	series = {Monographs in {Computer} {Science}},
	title = {Parameterized {Complexity}},
	isbn = {9781461267980 9781461205159},
	url = {http://link.springer.com/10.1007/978-1-4612-0515-9},
	urldate = {2022-11-16},
	publisher = {Springer New York},
	author = {Downey, R. G. and Fellows, M. R.},
	editor = {Gries, David and Schneider, Fred B.},
	year = {1999},
	doi = {10.1007/978-1-4612-0515-9},
}
